1142 1469
327 124 615 172 nnmcafm.
807 146 838 167 45

113 192 264 237 latumque
289 195 594 235 nostraium'onerosa
616 195 718 237 fatigat
744 202 840 226 emma.

114 237 204 266 Nev'e
226 236 286 267 hoc
313 239 449 268 reticeam
466 260 474 274 ‚
503 238 569 268 Vos
598 236 662 267 estis
678 258 686 272 ,
716 247 840 277 quorum

113 279 205 313 curis,
228 277 375 313 confiliis,
395 279 427 309 &
448 277 578 319 auspiciis
592 300 600 313 ,
626 276 732 307 Claxifli
758 279 837 308 Dnn.

112 317 288 348 Profeffores
319 316 507 349 Ac'aderniam
532 318 657 349 nostram
683 329 760 348 nunc
783 317 836 348 de-

109 370 190 397 mum
209 357 332 389 heroico
370 358 433 390 lane
454 358 520 389 ausu
534 381 542 395 ‚
569 370 623 389 nec
645 357 754 389 infelici
764 365 837 391 *cum

107 398 237 430 succeffu
253 422 262 435 ‚
294 401 340 441 pri
365 402 414 430 ino
437 400 585 430 restituere
614 401 702 429 nitori
723 398 837 429 allabo-

107 450 180 470 rant.
222 441 273 470 Ne
299 442 395 481 itaque
415 442 575 483 gravemini
592 462 600 475 ‚
627 440 833 469 AMPLIS·

107 481 218 510 SIMI
261 481 314 511 VI
324 482 375 510 RI
393 503 400 516 ‚
425 480 493 522 post
507 491 555 511 tot
569 479 723 510 exantlatas
738 490 835 515 curas,

105 531 244 562 tantaque
266 520 396 562 suscepta
415 532 500 551 onera
514 543 522 557 ‚
541 522 627 551 etiam
649 519 772 550 coelestis
796 519 835 549 is-

105 563 180 597 tius,
206 561 288 603 quod
308 561 396 591 struxi'
411 584 420 597 ‚
444 561 581 603 ponderis
606 571 703 591 curam
724 561 756 591 &
777 572 832 602 pa-

104 604 262 633 trocinium
284 604 314 632 in
335 602 402 641 Vos
421 601 492 632 susci
515 612 580 637 ere3
605 602 829 643 patiaminique,

103 652 136 673 ut
166 643 289 673 AEtheris
319 643 452 672 Gravitas
479 642 630 672 ilustrium
657 641 828 672 Vestrorum

102 684 254 713 nominum
282 684 456 723 amstoritate
483 684 683 725 praemuniatur
704 684 714 712 ξ
763 681 831 712 ΗὶίεΔ

102 726 180 754 enim
201 722 314 763 suffillta
335 722 487 765 stylobatis
513 723 597 754 stabit
620 721 695 752 salva
716 722 749 753 &
775 724 825 752 in·-

102 764 254 800 concussas,
280 775 335 795 nec
354 766 426 800 erit,
452 775 502 796 cur
517 763 566 794 vel
586 764 620 793 ab
640 763 744 804 apertis
764 762 825 792 ho-

99 805 186 835 stium
206 805 359 844 arietibus,
382 804 431 835 vel
452 804 631 835 clandestinis
655 802 820 833 malevolo-

98 854 163 884 rum
179 846 341 881 cuniculis,
364 844 413 876 vel
434 846 584 876 tormentis
607 843 740 879 invidiae,
770 843 837 877 vel,

98 898 203 917 canum
223 886 389 922 latratibus,
412 888 460 916 afit
478 886 611 916 dentibus
634 887 836 920 Momorum,'

97 926 218 968 aliisque
253 926 402 969 insngibus
436 925 525 956 ullam
560 927 670 956 ruinam-
701 935 823 956 metuat„

98 968 209 998 Firmet
230 977 331 998 ‘autem
353 968 437 997 Deus
462 967 505 997 O.
530 968 576 996 M.
596 966 731 996 humeros
754 966 818 996 Ve-

96 1008 171 1038 stros
191 1030 200 1044 ,
234 1008 563 1038 AMPLISSIMI
604 1006 724 1037 VIRI
745 1028 753 1041 ,
784 1016 819 1037 ut

97 1048 228 1090 gloriosa
253 1048 302 1079 illa·
326 1059 412 1079 onera
430 1070 438 1083 ‚
464 1048 568 1089 quibus
594 1046 731 1077 Ecclefiae
759 1047 820 1077 Pa-

95 1090 217 1132 titaeque
239 1090 320 1137 lpono
345 1090 497 1120 obruimim
520 1087 655 1130 quotidie
674 1109 684 1123 ,
714 1086 817 1118 alacri-

772 1138 817 1159 ter
