1142 1469
147 133 196 152 DE
221 132 471 158 GRAVITAJ'E
497 133 700 154 AETHERIS.
779 140 804 160 99

84 190 109 205 η
110 181 185 207 ',mole
205 183 254 204 dum
269 183 419 204 obstrufflxrium
433 189 521 211 apertum
538 184 582 208 est,
601 184 657 212 supet
669 184 745 212 liquore
757 191 800 211 pre-
820 189 884 208 Nmm

84 220 137 233 mere
149 226 156 236 ‚
176 219 260 240 eumque
277 213 375 240 gravitatis
389 214 462 240 impetu
480 214 507 233 in
516 218 620 243 utrumque
635 220 677 234 crus
698 214 798 241 impellere

85 241 202 262 censendum
211 242 250 263 '.est
279 240 428 262 Consideremus
441 248 489 262 vero
504 249 556 262 nunc
575 244 666 270 repriens
683 243 754 263 iterum
764 243 801 263 ob

84 270 189 295 strudum,
207 272 227 291 δι
245 270 342 298 liquorem
359 271 379 291 in
396 276 478 298 utroque
495 270 579 298 liphonis
596 278 653 292 crure
670 271 800 298 suspensum,·

84 299 131 327 quid
143 299 192 320 fiet?
207 299 284 320 cessabit
294 299 424 332 atmosphaerae
438 300 555 327 gravitatio,
571 307 608 320 nec
620 301 669 321 aeris
677 300 743 321 inclusi
752 307 802 327 pon-

84 328 118 349 dus
134 328 191 349 ullius
212 329 247 348 erit
260 329 371 363 momenti,
389 329 409 349 δε
426 328 520 362 siquidem
533 328 611 349 elaterio
629 329 706 350 nullum
723 336 802 357 quoque

84 357 152 378 locum
167 357 198 377 hic
210 350 323 381 tribuimus,
342 356 418 378 cessabit
430 358 494 378 omnis
506 357 625 385 premendi'
620 365 640 378 ιιι
652 358 686 379 illo
705 363 801 379 coriatus·

84 386 114 407 sed
127 393 170 407 non
182 386 237 407 cessat
250 387 320 414 pariter
331 386 432 414 gravitauo
444 386 540 414 liquoris'
535 394 555 407 ιιι
566 387 652 408 cruribus
662 387 754 414 suspensi,
768 388 803 415 qui

84 415 166 436 naturali
184 415 219 436 suo
233 415 321 443 pondere
336 415 417 436 subinde
433 415 544 436 descensum
563 416 658 439 moliens,
674 416 787 444 liquorem'
783 423 803 436 ιιι

85 445 189 471 recipiente
198 445 218 465 δι
233 444 408 471 vitro‘cylmdrico
420 444 534 467 sublevare,
556 446 576 465 &
590 451 635 465 cum
646 445 722 472 liquore
738 451 804 466 aerem

84 474 223 493 imminentem
244 473 308 494 verfiis
319 473 429 500 supremam
441 474 547 500 recipientis
562 474 664 494 cavitatem
675 474 761 494 attollere
771 480 805 494 eo·

84 502 175 525 nabimr,
194 502 289 529 longioris
303 502 383 529 quidem
396 502 456 522 cruris
466 502 531 529 liquor
543 502 656 522 columnam
669 510 709 530 qm
726 502 804 523 brevio-

85 532 110 551 ris
119 531 235 551 columnam
247 538 257 550 a
265 536 291 558 ρ,-
307 531 339 551 ille
354 530 395 551 nisu
409 531 492 555 majori,
510 531 555 558 quia
571 531 711 558 ponderosior,
726 532 758 552 hie
767 532 804 551 mi-

85 560 130 580 nori
142 574 148 582 ,
167 560 212 587 quin
227 566 248 580 ut
262 560 354 583 brevior,
374 560 399 580 ita
414 560 479 580 minus
493 560 563 586 gravis.
589 559 650 581 Cedet
662 567 711 587 ergo
728 560 804 581 fortiori

85 588 178 616 preffioui
194 588 286 609 columna
296 594 328 616 pa
340 602 346 611 ,
364 594 441 615 unaque
460 588 555 615 deprimet
566 588 664 616 liquorem
680 589 715 609 fibi
731 589 804 614 subjec-

86 623 141 641 tum,
161 624 246 645 eumque
260 618 280 637 in
295 624 338 638 crus
351 617 428 638 brevius
437 616 538 637 ascendere
549 617 616 640 faciem
635 624 676 638 non
692 619 712 639 vi
722 619 805 645 proprie

86 646 211 669 elasticitatis,
227 646 259 667 sed
270 647 290 667 vi
299 646 414 669 adventitia,
430 647 573 667 communicata
583 646 618 666 fibi
632 653 643 667 a
652 645 747 674 pressi'one
757 653 805 673 prae-

86 676 163 697 valente
174 675 254 703 liquoris
265 676 284 696 iu
295 681 350 695 crure
358 675 442 702 longiori
451 683 455 695 :
472 674 521 695 adeo
531 680 562 699 ut,
580 675 747 703 quemadmodum
754 676 805 702 prius

87 712 112 725 ex
125 703 269 725 Elateristarum
284 709 349 725 mente
361 703 528 725 eonfidembamus
544 710 631 731 pugnam
644 704 728 725 duorum
742 704 806 731 liquo-

87 741 132 754 rum
143 733 168 754 ab
185 733 263 755 elaterio
277 734 324 754 aeris
334 732 462 760 impulsorum
482 733 502 754 in
515 732 589 753 flexura
600 733 683 760 liphouis
698 740 708 753 t
723 733 806 756 fastam,

87 763 229 790 fortioremque
240 769 264 783 ex
278 767 331 789 parte
339 767 383 789 pm
401 762 427 782 ita
439 763 481 783 vice
495 761 549 782 versa
562 761 643 782 eandem
657 769 709 783 nune
720 767 809 783 contern-

88 792 136 819 plari
149 792 264 815 conveniat,
286 797 379 824 tanquam
390 791 441 811 inter
453 790 499 811 duas
512 791 612 811 columnas
628 792 686 812 aerias
697 798 708 812 a
722 791 809 818 pondere

88 821 190 848 liquorum
203 820 306 848 impulsas,
325 821 345 840 in
362 819 461 847 superficie
480 826 566 840 concava
579 820 668 847 operculi
683 827 698 847 g
714 820 786 847 gestam
801 833 807 843 ‚

90 849 233 882 fortioremque
244 856 268 869 ex
279 849 336 869 altera
347 854 400 875 parte
414 856 426 876 q
436 855 452 869 r
483 848 516 869 Ad
531 855 617 876 quorum
635 849 737 869 meliorem
751 849 806 869 iutel—
827 850 878 870 δαν*

90 878 191 906 lige-ntiam
203 879 223 899 in
234 878 350 899 memoriam
363 877 419 898 nobis
436 884 552 899 revocemus
565 876 691 898 Luctatorern
707 878 762 899 illum
777 877 806 901 Β,
807 871 862 892 ΡΨ*

89 909 123 941 qui
136 914 198 934 nuper
214 907 304 928 eludebat
320 912 412 928 conatum
423 905 531 927 Luaatoris
542 905 574 929 A,
590 906 677 931 suffultus
693 912 768 927 tautum
779 913 811 934 pa-

90 937 149 959 rieti,
170 941 236 956 cetera
252 936 313 957 nullas
331 935 423 956 adhibens
440 936 490 956 vires
498 935 532 956 ad
553 935 686 962 repellendum
704 935 766 963 ipsum
784 935 810 956 Α,

90 964 158 986 Pateat
172 972 220 987 vero
232 971 285 985 nunc
295 965 313 985 ei
328 965 390 988 rima,
409 971 447 991 qua
459 964 503 991 pelli
521 963 578 991 possit
589 964 613 985 ab
624 964 665 993 ipso
674 964 705 987 A,
725 971 810 997 eumque

90 993 203 1015 immediate
210 994 309 1021 contingat
320 994 340 1013 in
352 993 432 1014 adverso
444 993 503 1014 latere
513 993 560 1013 alius
575 992 668 1013 Lueiator
680 992 710 1016 C,
731 994 765 1021 qui
777 1000 809 1020 pa-

90 1024 136 1045 rirer
152 1029 194 1043 non
211 1022 247 1043 nisi
260 1022 332 1049 passive
342 1021 360 1043 se
375 1021 447 1042 habens
454 1035 461 1045 ,
473 1027 572 1049 prematur
583 1022 603 1043 in
614 1021 722 1049 oppofisam
733 1028 809 1049 partem

90 1059 101 1072 a
115 1058 191 1084 quarto·
199 1050 303 1079 Lustatore
324 1050 354 1075 D.
377 1050 408 1071 sed
422 1051 494 1071 viribus
511 1050 648 1074 debilioribus,
669 1057 729 1078 quam
740 1050 757 1071 B
768 1051 799 1084 pel
800 1062 810 1068 -

91 1081 137 1102 litur
148 1081 191 1101 ab
186 1088 204 1107 ip
206 1080 227 1101 [o
236 1082 260 1101 A.
272 1076 319 1107 Qua
331 1080 405 1101 ratione
412 1079 530 1103 evidensest,
547 1078 672 1101 Lustatorem
682 1078 709 1103 D,
722 1081 809 1100 cuivires

91 1110 134 1132 sunt
154 1109 272 1132 debiliores,
290 1109 386 1136 repulsum
406 1109 428 1129 iri
443 1116 451 1133 ς
464 1108 497 1136 idq
498 1115 522 1129 ue
542 1115 584 1129 nou
592 1114 668 1130 tantum
680 1116 691 1129 a
706 1109 809 1129 Lufiiatore

91 1141 121 1162 A,
134 1139 169 1165 qui
181 1138 244 1168 reapse
255 1143 347 1158 conatum
354 1137 452 1161 adhibuit,
465 1137 497 1158 sed
505 1137 623 1170 potissimum
635 1145 646 1158 a
658 1137 748 1159 duobus
744 1144 810 1158 inter-

92 1167 162 1188 mediis
174 1166 205 1192 B,
216 1168 239 1188 ’δι
249 1166 268 1187 C
276 1175 285 1190 2·
301 1167 389 1194 quamvis
399 1169 440 1189 noir
449 1167 533 1210 propriis
545 1167 618 1188 horum
623 1167 708 1191 viribus,
725 1173 771 1195 quas
787 1173 810 1187 o-

134 1197 179 1223 Jac
190 1196 280 1217 Bernouai
293 1200 357 1225 opera.
558 1195 595 1217 Ο
768 1195 810 1217 tioli
